

@article{BoseCGTA,
title = "Almost all Delaunay triangulations have stretch factor greater than $\pi/2$",
journal = "Computational Geometry",
volume = "44",
number = "2",
pages = "121 - 127",
year = "2011",
issn = "0925-7721",
doi = "DOI: 10.1016/j.comgeo.2010.09.009",
url = "http://www.sciencedirect.com/science/article/B6TYS-51491F0-1/2/83c47d191e0c17b6caaafad89db9aad0",
author = {P. Bose and L. Devroye and M. L\"{o}ffler and J. Snoeyink and V. Verma},
keywords = "Dilation",
keywords = "Spanning ratio", 
keywords ="Shortest path", 
keywords ="Point configuration"
}


@article{CGTA,
title = "On the stretch factor of Delaunay triangulations of points in convex position",
journal = "Computational Geometry",
volume = "44",
number = "2",
pages = "104 - 109",
year = "2011",
issn = "0925-7721",
doi = "DOI: 10.1016/j.comgeo.2010.09.007",
url = "http://www.sciencedirect.com/science/article/B6TYS-513F8TM-6/2/a59d10366821199d4fda186bbd0a976a",
author = "S. Cui and I.A. Kanj and G. Xia",
keywords = "Delaunay triangulation",
keywords = "Convex position",
keywords = "Stretch factor/dilation"
}



@MISC{fwcg2010,
 author = {G. Xia and L. Zhang},
 title = {Toward the Tight Bound of the Stretch Factor of Delaunay Triangulations},
 Note = {Manuscript at: http://www.cs.lafayette.edu/$\sim$gexia/research/towardtightbound.pdf},
 }


@MISC{arcgon,
 author = {J. Snoeyink and V. Verma},
 title = {Transformations to critical arcgons: progress on tighter bounds for Delaunay stretch},
 Note = {Manuscript at: http://www.umiacs.umd.edu/conferences/fwcg2012/Proceedings/01-03-snoeyink.pdf},
 }


@MISC{Bose_onplane,
    author = {P. Bose and M. Smid},
    title = {ON PLANE GEOMETRIC SPANNERS: A SURVEY AND OPEN PROBLEMS },
    year = {2010},
    note="Manuscript at: people.scs.carleton.ca/$\sim$michiel/surveyplanespanners.pdf"
}


@misc{ wiki:DT,
  author = {{Delaunay triangulation}},
  title = "Delaunay triangulation --- {W}ikipedia{,} The Free Encyclopedia",
  year = "2006",
  url = "https://en.wikipedia.org/wiki/Delaunay_triangulation",
  note = "[Online; accessed 26-April-2019]"
}

@misc{ wiki:DT,
  author = {{constrained Delaunay triangulation}},
  title = "constrained Delaunay triangulation --- {W}ikipedia{,} The Free Encyclopedia",
  year = "2006",
  url = "https://en.wikipedia.org/wiki/Constrained_Delaunay_triangulation",
  note = "[Online; accessed 26-April-2019]"
}


@misc{ github,
  author = {{G. Lucas}},
  title = "About the Constrained Delaunay Triangulation",
  year = "2019",
  url = "https://github.com/gwlucastrig/Tinfour/wiki/About-the-Constrained-Delaunay-Triangulation",
  note = "[Online; accessed 26-April-2019]"
}


@misc{techkHop,
    author = "I. Kanj and A. Wiese and F. Zhang",
    title  = "Computing the $k$-hop Neighborhoods locally",
    note="Technical report \# 08-007 at: http://www.cdm.depaul.edu/research/Pages/TechnicalReports.aspx"

}

@book{extremabook,
  author    = {W. Kaplan},
  title     = {Maxima and minima with applications: practical optimization and duality},
  publisher = {John Wiley, New York},
  year      = {1999},
}

@ARTICLE{Vanderbei97extensionof,
    author = {R.J. Vanderbei},
    title = {Extension Of {P}iyavskii's Algorithm To Continuous Global Optimization},
    journal = {Journal of Global Optimization},
    year = {1997},
    volume = {14},
    pages = {205--216}
}


@ARTICLE{auto,
    author = {S. Anderson and S. Karumanchi and K. Iagnemma},
    title = {Extension Of {P}iyavskii's Algorithm To Continuous Global Optimization},
    journal = {Journal of Global Optimization},
    year = {1997},
    volume = {14},
    pages = {205--216}
}

@inproceedings{acyclicity,
 author = {Edelsbrunner, H.},
 title = {Constraint-based planning and control for safe, semi-autonomous operation of vehicles},
 booktitle = {2012 IEEE Intelligent Vehicles Symposium},
 year = {2012},
 isbn = {978-1-4673-2118-1},
 pages = {383--388},
 location = {Alcala de Henares, Spain},
%  doi = {http://doi.acm.org/10.1145/73833.73850},
 publisher = {IEEE},
 address = {New York, NY, USA},
 }

@inproceedings{cccg09,
  author    = {Shiliang Cui and
               Iyad A. Kanj and
               Ge Xia},
  title     = {On the Dilation of Delaunay Triangulations of Points in
               Convex Position},
  booktitle = {CCCG},
  year      = {2009},
  pages     = {161-164},
  ee        = {http://cccg.ca/proceedings/2009/cccg09_42.pdf},
  crossref  = {DBLP:conf/cccg/2009},
  bibsource = {DBLP, http://dblp.uni-trier.de}
}

@article{siam10,
author = {I.A. Kanj and L. Perkovi\'{c} and G. Xia},
collaboration = {},
title = {On Spanners and Lightweight Spanners of Geometric Graphs},
publisher = {SIAM},
year = {2010},
journal = {SIAM Journal on Computing},
volume = {39},
number = {6},
pages = {2132-2161},
keywords = {spanners; Delaunay triangulations; lightweight; bounded degree; unit disk graphs; local distributed algorithms},
url = {http://link.aip.org/link/?SMJ/39/2132/1},
doi = {10.1137/080737708}
}


@inproceedings{bosecccg,
  author    = {P. Bose and
                L. Devroye and
                M. L\"{o}ffler and
                J. Snoeyink and
                V. Verma},
  title     = {The spanning ratio of the {D}elaunay triangulation is greater than $\pi/2$},
  booktitle = {Proceedings of {CCCG}},
  year      = {2009}
}

@book{DBLP:books/sp/PreparataS85,
  author    = {F.P. Preparata and
               M.I. Shamos},
  title     = {Computational Geometry - An Introduction},
  publisher = {Springer},
  year      = {1985},
  isbn      = {3-540-96131-3},
  bibsource = {DBLP, http://dblp.uni-trier.de}
}

@book{benson,
    author = {R. Benson},
    title = {Euclidean Geometry and Convexity},
    publisher = {McGraw-Hill, New York},
    year = {1966}
}

@article{dobkin,
 author = {D. Dobkin and S. Friedman and K. Supowit},
 title = {Delaunay graphs are almost as good as complete graphs},
 journal = {Discrete and Comp. Geom.},
 volume = {5},
 number = {4},
 year = {1990},
 issn = {0179-5376},
 pages = {399--407}
}

@inproceedings{keil0,
  author    = {J. Keil and
               C. Gutwin},
  title     = "The {Delaunay} Triangulation Closely Approximates the Complete
               {Euclidean} Graph",
  booktitle     = {Proceedings of the 1st Workshop on Algorithms and Data Structures, WADS},
  year      = {1989},
  pages     = {47-56}
}



@inproceedings{dobkin0,
  author    = {D. Dobkin and
               S. Friedman and
               K. Supowit},
  title     = {Delaunay Graphs are Almost as Good as Complete Graphs},
  booktitle     = {Proceedings of the 28th Annual Symposium on Foundations of Computer Science, FOCS},
  year      = {1987},
  pages     = {20-26}
}

@proceedings{DBLP:conf/focs/FOCS28,
  title     = {28th Annual Symposium on Foundations of Computer Science,
               12-14 October 1987, Los Angeles, California, USA},
  booktitle = {FOCS},
  publisher = {IEEE},
  year      = {1987},
  bibsource = {DBLP, http://dblp.uni-trier.de}
}

@inproceedings{chew0,
 author = "P. Chew",
 title = {There is a planar graph almost as good as the complete graph},
  booktitle = {Symposium on Computational Geometry},
  year      = {1986},
 pages = {169--177},
 publisher = {ACM}
 }


@misc{open,
    author = "P. Bose",
    title  = "Open Problems from {CCCG} 2007",
    note="Available at: http://erikdemaine.org/papers/ CCCG2007Open/paper.pdf"

}

@article{chew,
  author    = {P. Chew},
  title     = {There are Planar Graphs Almost as Good as the Complete Graph},
  journal   = {Journal of Computer and System Sciences },
  volume    = {39},
  number    = {2},
  year      = {1989},
  pages     = {205-219}
}

@article{bose,
  author    = {P. Bose and
               P. Morin},
  title     = {Online Routing in Triangulations},
  journal   = {SIAM Journal on Computing},
  volume    = {33},
  number    = {4},
  year      = {2004},
  pages     = {937-951},
}

@article{yao,
    author = "A. C.-C. Yao",
    title = "On Constructing Minimum Spanning Trees in k-Dimensional Spaces and
  Related Problems",
    journal = "SIAM Journal on Computing",
    volume = "11",
    number = "4",
    year = "1982",
    pages = "721-736"
}

@article{iitbounded,
  author    = {Y. Wang and
               X.-Y. Li},
  title     = {Localized Construction of Bounded Degree and Planar Spanner
               for Wireless Ad Hoc Networks},
  journal   = {Mobile Networks and Applications},
  volume    = {11},
  number    = {2},
  year      = {2006},
  pages     = {161-175}
}

@inproceedings{iitbounded1,
  author    = {Y. Wang and
               X.-Y. Li},
  title     = {Localized construction of bounded degree and planar spanner
               for wireless ad hoc networks},
  booktitle = {Proceedings of the {DIALM-POMC} Joint Workshop on Foundations
               of Mobile Computing},
  publisher = {ACM},
  year      = {2003},
  pages     = {59-68}
}

@article{iitunbounded,
  author    = {X.-Y. Li and
               G. Calinescu and
               P.-J. Wan and
               Y. Wang},
  title     = {Localized Delaunay Triangulation with Application in {Ad
               Hoc} Wireless Networks},
  journal   = {IEEE Trans. Parallel and Distributed Systems},
  volume    = {14},
  number    = {10},
  year      = {2003},
  pages     = {1035-1047}
}


@inproceedings{gruia,
  author    = {G. Calinescu},
  title     = {Computing 2-Hop Neighborhoods in {Ad Hoc} Wireless Networks.},
  booktitle = {Proceedingsof the 2nd International Conference on Ad-Hoc, Mobile, and Wireless Networks},
 publisher = {Springer},
  series    = {Lecture Notes in Computer Science},
  volume    = {2865},
  year      = {2003},
  pages     = {175-186}
}


@inproceedings{iitunbounded1,
  author    = {X.-Y. Li and
               G. Calinescu and
               P.-J. Wan},
  title     = {Distributed Construction of Planar Spanner and Routing for
               Ad Hoc Wireless Networks.},
  booktitle = {Proceedings of the {IEEE} INFOCOM},
  year      = {2002}
}



@inproceedings{bose1,
  author    = {P. Bose and
               M. Smid and
               D. Xu},
  title     = {Diamond Triangulations Contain Spanners of Bounded Degree.},
  booktitle = {Proceedings of {ISAAC}},
  note = {To appear in {\em Algorithmica}},
  year      = {2006}
}


@book{spannerbook,
author = {G. Narasimhan and M. Smid},
title = {Geometric Spanner Networks},
publisher = {Cambridge University Press},
year = {2007}
}

@book{bookconvexity,
author = {R. Benson},
title = {Euclidean Geometry and Convexity},
publisher = {Mc-Graw Hill},
year = {New York, 1966}
}

@article{keil,
  author    = {J. Keil and
               C. Gutwin},
  title     = {Classes of Graphs Which Approximate the Complete {Euclidean}
               Graph.},
  journal   = {Discrete and Comp. Geom.},
  volume    = {7},
  year      = {1992},
  pages     = {13-28}
}

@inproceedings{boseesa,
  author    = {P. Bose and
               J. Gudmundsson and
               M. Smid},
  title     = {Constructing Plane Spanners of Bounded Degree and Low Weight.},
  booktitle = {ESA},
  year      = {2002},
  pages     = {234-246}
}

@article{bosealgorithmica,
  author    = {P. Bose and
               J. Gudmundsson and
               M. Smid},
  title     = {Constructing Plane Spanners of Bounded Degree and Low Weight.},
  journal   = {Algorithmica},
  volume    = {42},
  number    = {3-4},
  year      = {2005},
  pages     = {249-264}
}

@book{book,
author = {M. de Berg and M. van Kreveld and M. Overmars and O. Schwarzkopf},
title = {Computational Geometry: Algorithms and Applications},
edition = {Third},
publisher = {Springer-Verlag},
year = {2008}
}

@article{BoseMNSZ04,
  author =   {P. Bose and
                  A. Maheshwari and
                  G. Narasimhan and
                  M. Smid and
                  N. Zeh},
  title =    {Approximating geometric bottleneck shortest paths.},
  journal =      {Computational Geometry: Theory and Applications},
  year =     {2004},
  volume =   {29},
  pages =    {233-249}
}

@misc{tech1,
    author = "I. Kanj and L. Perkovic and G. Xia",
    title  = "Computing lightweight spanning subgraphs locally",
    note="Technical report \# 08-002 at: http://www.cdm.depaul.edu/research/Pages/TechnicalReports.aspx"

}
@article{li05,
  author    = {X.-Y. Li},
  title     = {Localized Construction of Low Weighted Structure and Its
               Applications in Wireless Ad Hoc Networks},
  journal   = {Wireless Networks},
  volume    = {11},
  number    = {6},
  year      = {2005},
  pages     = {697-708}
}

@inproceedings{das95,
  author    = {G. Das and
               G. Narasimhan and
               J. Salowe},
  title     = {A New Way to Weigh Malnourished Euclidean Graphs},
  booktitle = {SODA},
  year      = {1995},
  pages     = {215-222},
  bibsource = {DBLP, http://dblp.uni-trier.de}
}

@inproceedings{dpp06,
  author    = {M. Damian and
               S. Pandit and
               S. Pemmaraju},
  title     = {Local approximation schemes for topology control},
  booktitle = {Proceedings of PODC},
  year      = {2006},
  pages     = {208-217}
}



@article{linial,
  author    = {N. Linial},
  title     = {Locality in Distributed Graph Algorithms},
  journal   = {SIAM Journal on Computing},
  volume    = {21},
  number    = {1},
  year      = {1992},
  pages     = {193-201}
}

@inproceedings{licocoon,
  author    = {X.-Y. Li},
  title     = {Approximate {MST} for {UDG} Locally},
  booktitle = {COCOON},
  year      = {2003},
  pages     = {364-373}
}

@InProceedings{wattenhofer,
  author = {R. Wattenhofer},
  title = {{Sensor networks: distributed algorithms reloaded - or revolutions?}},
  booktitle = {{Proceedings of SIROCCO}},
  year =  {2006},
  pages= "24-28"
}


@InProceedings{stacs,
  author = {I. Kanj and L. Perkovi\'{c}},
  title = {On Geometric Spanners of Euclidean and Unit Disk Graphs},
  booktitle = {STACS},
  year =  {2008}
}

@article{li,
  author    = {X.-Y. Li and
               Y. Wang and
               W.-Z. Song},
  title     = {Applications of k-Local {MST} for Topology Control and Broadcasting
               in Wireless Ad Hoc Networks},
  journal   = {IEEE Trans. Parallel Distrib. Syst.},
  volume    = {15},
  number    = {12},
  year      = {2004},
  pages     = {1057-1069}

}

@inproceedings{lihou,
  author    = {N. Li and
               J. Hou and
               L. Sha},
  title     = {Design and Analysis of an {MST}-Based Topology Control Algorithm},
  booktitle = {Proceedings of INFOCOM},
  year      = {2003}
}


@misc{scheideler,
    author = "C. Scheideler",
    title  = "Overlay networks for wireless ad hoc networks",
    note="http://www14.in.tum.de/personen/scheideler/papers/Overlay-IMA05.pdf",
    year = "2005"
}

@misc{eppstein,
    author = "D. Eppstein",
    title  = "Spanning Trees and Spanners",
    note="http://www.ics.uci.edu/~eppstein/pubs/Epp-TR-96-16.pdf",
    year = "1996"
}

@article{survey2,
 author = {R. Rajaraman},
 title = {Topology control and routing in ad hoc networks: a survey},
 journal = {SIGACT News},
 volume = {33},
 number = {2},
 year = {2002},
 pages = {60--73}
   }

@inproceedings{Watt,
  author    = {R. Wattenhofer and
               E. L. Li and
               P. Bahl and
               Y.-M. Wang},
  title     = {Distributed Topology Control for Wireless Multihop Ad-hoc
               Networks.},
  booktitle = {INFOCOM},
  year      = {2001},
  pages     = {1388-1397}
}



@book{booksurvey,
author = {P. Santi},
title = {Topology Control in Wireless Ad Hoc and Sensor Networks},
publisher = {John Wiley \& Sons, Ltd},
year = {2005}
}

@book{pelegbook,
author = {D. Peleg},
title = {Distributed computing: A Locality-Sensitive Approach},
publisher = {SIAM Monographs on Discrete Mathematis and Applications},
year = {2000}
}


@inproceedings{Das1,
  author    = {B. Chandra and
               G. Das and
               G. Narasimhan and
               J. Soares},
  title     = {New Sparseness Results on Graph Spanners},
  booktitle = {SoCG},
  year      = {1992},
  pages     = {192-201}
}

@inproceedings{das3,
  author    = {G. Das and
               P. Heffernan and
               G. Narasimhan},
  title     = {Optimally Sparse Spanners in 3-Dimensional {Euclidean} Space},
  booktitle = {Proceedings of the 9th Annual ACM Symposium on Computational Geometry, SoCG},
  year      = {1993},
  pages     = {53-62}
}

@inproceedings{das5,
  author    = {S. Arya and
               G. Das and
               D. Mount and
               J. Salowe and
               M. Smid},
  title     = {Euclidean spanners: short, thin, and lanky},
  booktitle = {Proceedings of STOC},
  year      = {1995},
  pages     = {489-498},
   year      = {1995}
}


@inproceedings{das4,
  author    = {G. Das and
               G. Narasimhan},
  title     = {A Fast Algorithm for Constructing Sparse Euclidean Spanners},
  booktitle = {SoCG},
  year      = {1994},
  pages     = {132-139}
}

@article{das2,
  author    = {I. Alth{\"o}fer and
               G. Das and
               D. Dobkin and
               D. Joseph and
               J. Soares},
  title     = {On Sparse Spanners of Weighted Graphs},
  journal   = {Discrete and Comp. Geom.},
  volume    = {9},
  year      = {1993},
  pages     = {81-100}
}

@inproceedings{dgv07,
  author    = {B. Derbel and
               C. Gavoille and
               D. Peleg},
  title     = {Deterministic Distributed Construction of Linear Stretch
               Spanners in Polylogarithmic Time},
  booktitle = {Proceedings of {DISC}},
  volume    = {4731},
  publisher = {Springer},
  series    = {LNCS},
  year      = {2007},
  pages     = {179-192}
}




@article{ll89,
  author    = {C. Levcopoulos and
               A. Lingas},
  title     = {There Are Planar Graphs Almost as Good as the Complete Graphs
               and Almost as Cheap as Minimum Spanning Trees},
  journal   = {Algorithmica},
  volume    = {8},
  number    = {3},
  year      = {1992},
  pages     = {251-256}
}



@article{levco1,
  author    = {J. Gudmundsson and
               C. Levcopoulos and
               G. Narasimhan},
  title     = {Fast Greedy Algorithms for Constructing Sparse Geometric
               Spanners},
  journal   = {SIAM Journal on Computing},
  volume    = {31},
  number    = {5},
  year      = {2002},
  pages     = {1479-1500}
}

@inproceedings{compass,
    author = "E. Kranakis and H. Singh and J. Urrutia",
    title = "Compass Routing on Geometric Networks",
    booktitle = "Proceedings of the 11th Canadian Conference on Computational Geometry, CCCG",
    year = {1999},
    pages = "51--54"
 }


@article{BoseMSU01,
  author    = {P. Bose and
               P. Morin and
               I. Stojmenovic and
               J. Urrutia},
  title     = {Routing with Guaranteed Delivery in Ad Hoc Wireless Networks.},
  journal   = {Wireless Networks},
  volume    = {7},
  number    = {6},
  year      = {2001},
  pages     = {609-616}
}


@inproceedings{moscibroda,
 author = {F. Kuhn and T. Moscibroda and R. Wattenhofer},
 title = {What cannot be computed locally!},
 booktitle = {Proceedings of PODC},
 year = {2004},
 pages = {300--309}
}


@inproceedings{ChavezDKOSU06,
  author    = {Edgar Ch{\'a}vez and
               Stefan Dobrev and
               Evangelos Kranakis and
               Jaroslav Opatrny and
               Ladislav Stacho and
               Jorge Urrutia},
  title     = {Local Construction of Planar Spanners in Unit Disk Graphs
               with Irregular Transmission Ranges},
  booktitle = {LATIN},
  year      = {2006},
  pages     = {286-297}
}

@article{xia,
  author    = {G. Xia},
  title     = {The Stretch Factor of the Delaunay Triangulation Is Less Than 1.998},
  journal   = {CoRR},
  volume    = {abs/1103.4361},
  year      = {2011},
  url       = {http://arxiv.org/abs/1103.4361},
  archivePrefix = {arXiv},
  eprint    = {1103.4361},
  timestamp = {Mon, 13 Aug 2018 16:48:37 +0200},
  biburl    = {https://dblp.org/rec/bib/journals/corr/abs-1103-4361},
  bibsource = {dblp computer science bibliography, https://dblp.org}
}

@article{ad,
 author = {K. Alzoubi and X. Li and Y. Wang and P.  Wan and O. Frieder},
 title = {Geometric Spanners for Wireless Ad Hoc Networks},
 journal = {IEEE Trans. Parallel Distrib. Syst.},
 issue_date = {April 2003},
 volume = {14},
 number = {4},
 month = apr,
 year = {2003},
 issn = {1045-9219},
 pages = {408--421},
 numpages = {14},
 url = {http://dx.doi.org/10.1109/TPDS.2003.1195412},
 doi = {10.1109/TPDS.2003.1195412},
 acmid = {766635},
 publisher = {IEEE Press},
 address = {Piscataway, NJ, USA},
 keywords = {Delaunay triangulation, clustering, connected dominating set, localized algorithm, spanner, unit disk graph, wireless ad hoc networks},
} 
